@book{Chomsky02,
  title={Syntactic structures},
  author={Chomsky, Noam},
  year={2002},
  publisher={Walter de Gruyter}
}

@article{Ibbotson13,
  title={The scope of usage-based theory},
  author={Ibbotson, Paul},
  journal={Frontiers in psychology},
  volume={4},
  pages={255},
  year={2013},
  publisher={Frontiers}
}

@article{Bybee10,
  title={Language, usage and cognition. Cambridge: Cambridge University Press. 252 p{\'a}gs.},
  author={da Cunha, Maria Ang{\'e}lica Furtado},
  journal={DELTA: Documenta{\c{c}}{\~a}o e Estudos em Lingu{\'\i}stica Te{\'o}rica e Aplicada},
  volume={29},
  number={1},
  year={2010}
}

# word redunduncy --> denoising words?
@article{Shannon51,
  title={Prediction and entropy of printed English},
  author={Shannon, Claude E},
  journal={Bell system technical journal},
  volume={30},
  number={1},
  pages={50--64},
  year={1951},
  publisher={Wiley Online Library}
}

# Zipf's law
@book{Zipf99,
  title={The psycho-biology of language: An introduction to dynamic philology},
  author={Zipf, George Kingsley},
  volume={21},
  year={1999},
  publisher={Psychology Press}
}

@article{Watson20,
  title={Nonadjacent dependency processing in monkeys, apes, and humans},
  author={Watson, Stuart K and Burkart, Judith M and Schapiro, Steven J and Lambeth, Susan P and Mueller, Jutta L and Townsend, Simon W},
  journal={Science advances},
  volume={6},
  number={43},
  pages={eabb0725},
  year={2020},
  publisher={American Association for the Advancement of Science}
}

@incollection{Okanoya07,
  title={Neural substrates for string-context mutual segmentation: A path to human language},
  author={Okanoya, Kazuo and Merker, Bjorn},
  booktitle={Emergence of communication and language},
  pages={421--434},
  year={2007},
  publisher={Springer}
}

@article{Wilson20,
  title={Non-adjacent dependency learning in humans and other animals},
  author={Wilson, Benjamin and Spierings, Michelle and Ravignani, Andrea and Mueller, Jutta L and Mintz, Toben H and Wijnen, Frank and Van der Kant, Anne and Smith, Kenny and Rey, Arnaud},
  journal={Topics in Cognitive Science},
  volume={12},
  number={3},
  pages={843--858},
  year={2020},
  publisher={Wiley Online Library}
}

@article{Lewis16,
  title={A quantitative synthesis of early language acquisition using meta-analysis},
  author={Lewis, Molly and Braginsky, Mika and Tsuji, Sho and Bergmann, Christina and Piccinini, Page E and Cristia, Alejandrina and others},
  year={2016}
}

### transformer ###

@article{Reif19,
  title={Visualizing and measuring the geometry of BERT},
  author={Reif, Emily and Yuan, Ann and Wattenberg, Martin and Viegas, Fernanda B and Coenen, Andy and Pearce, Adam and Kim, Been},
  journal={Advances in Neural Information Processing Systems},
  volume={32},
  pages={8594--8603},
  year={2019}
}

@inproceedings{Hewitt19,
  title={A structural probe for finding syntax in word representations},
  author={Hewitt, John and Manning, Christopher D},
  booktitle={Proceedings of the 2019 Conference of the North American Chapter of the Association for Computational Linguistics: Human Language Technologies, Volume 1 (Long and Short Papers)},
  pages={4129--4138},
  year={2019}
}

@article{Goldberg19,
  title={Assessing BERT's syntactic abilities},
  author={Goldberg, Yoav},
  journal={arXiv preprint arXiv:1901.05287},
  year={2019}
}

@article{Tenney19,
  title={What do you learn from context? probing for sentence structure in contextualized word representations},
  author={Tenney, Ian and Xia, Patrick and Chen, Berlin and Wang, Alex and Poliak, Adam and McCoy, R Thomas and Kim, Najoung and Van Durme, Benjamin and Bowman, Samuel R and Das, Dipanjan and others},
  journal={arXiv preprint arXiv:1905.06316},
  year={2019}
}


### symbol emergence ###

% symbol emergence as custom
@article{Santoro21,
	Author = {Adam Santoro and Andrew Lampinen and Kory Mathewson and Timothy Lillicrap and David Raposo},
	Title = "{Symbolic Behaviour in Artificial Intelligence}",
	journal  = {arXiv preprint arXiv:2102.03406},
	Year = {2021}
}

% symbol emergence as custom 
@article{Taniguchi18,
	author = {Tadahiro Taniguchi and Emre Ugur and Matej Hoffmann and Lorenzo Jamone and Takayuki Nagai and Benjamin Rosman and Toshihiko Matsuka and Naoto Iwahashi and Erhan Oztop and Justus Piater and Florentin W\"{o}rg\"{o}tter
1},
	Title = "{Symbol Emergence in Cognitive Developmental
Systems: a Survey}",
	journal = {IEEE transactions on Cognitive and Developmental Systems},
	pages = {494 -- 516},
	 Volume = {11},
	 Number = {4},
	Year = {2018}
}

% situated language
@article{Mcclelland20,
  title={Placing language in an integrated understanding system: Next steps toward human-level performance in neural language models},
  author={McClelland, James L and Hill, Felix and Rudolph, Maja and Baldridge, Jason and Sch{\"u}tze, Hinrich},
  journal={Proceedings of the National Academy of Sciences},
  volume={117},
  number={42},
  pages={25966--25974},
  year={2020},
  publisher={National Acad Sciences}
}

@inproceedings{Hill21,
title={Grounded Language Learning Fast and Slow},
author={Felix Hill and Olivier Tieleman and Tamara von Glehn and Nathaniel Wong and Hamza Merzic and Stephen Clark},
booktitle={International Conference on Learning Representations},
year={2021}
}

@article{Hill20_training,
  title={Simulating Early Word Learning in Situated Connectionist Agents},
  author={Hill, Felix and Clark, Stephen and Hermann, Karl Moritz and Blunsom, Phil},
  journal={training},
  volume={2},
  pages={0},
  year={2020}
}

@inproceedings{Hill19_ICLR,
  title={Environmental drivers of systematicity and generalization in a situated agent},
  author={Hill, Felix and Lampinen, Andrew and Schneider, Rosalia and Clark, Stephen and Botvinick, Matthew and McClelland, James L and Santoro, Adam},
  booktitle={International Conference on Learning Representations (ICLR)},
  year={2019}
}

@article{Lynch20,
  title={Grounding language in play},
  author={Lynch, Corey and Sermanet, Pierre},
  journal={arXiv preprint arXiv:2005.07648},
  year={2020}
}

@article{Webb20,
  title={Emergent Symbols through Binding in External Memory},
  author={Webb, Taylor W and Sinha, Ishan and Cohen, Jonathan D},
  journal={arXiv preprint arXiv:2012.14601},
  year={2020}
}

@article{Wang21,
  title={Grounding Language to Entities and Dynamics for Generalization in Reinforcement Learning},
  author={Wang, HJ and Narasimhan, Karthik},
  journal={arXiv preprint arXiv:2101.07393},
  year={2021}
}

%% language to guide agent
@inproceedings{Colas20,
	author = {C\'{e}dric Colas and Tristan Karch and Nicolas Lair and Jean-Michel Dussoux and Cl\'{e}ment Moulin-Frier and Peter Ford Dominey and Pierre-Yves Oudeyer},
	title = "{Language as a Cognitive Tool to Imagine Goals in Curiosity-Driven Exploration}",
	booktitle = {Advances in Neural Information Processing Systems (NeurIPS)},
	year = {2020}
}

%% Imitation Language Generation
@article{Abramson20,
	Author = {Josh Abramson and Arun Ahuja and Iain Barr and Arthur Brussee and Federico Carnevale and Mary Cassin and Rachita Chhaparia and Stephen Clark and Bogdan Damoc and Andrew Dudzik and Petko Georgiev and Aurelia Guy and Tim Harley and Felix Hill and Alden Hung and Zachary Kenton and Jessica Landon and Timothy Lillicrap and Kory Mathewson and So\v{n}a Mokr\'{a} and Alistair Muldal and Adam Santoro and Nikolay Savinov and Vikrant Varma and Greg Wayne and Duncan Williams and Nathaniel Wong and Chen Yan and Rui Zhu},
	Title = "{Imitating Interactive Intelligence}",
	journal  = {arXiv preprint arXiv:2012.05672},
	Year = {2020}
}

%% Benchmark / Enviroment
@inproceedings{Ruis20,
	author = {Laura Ruis and Jacob Andreas and Marco Baroni and Diane Bouchacourt and Brenden M. Lake},
	title = "{A Benchmark for Systematic Generalization in Grounded Language Understanding}",
	booktitle = {Advances in Neural Information Processing Systems (NeurIPS)},
	year = {2020}
}

@inproceedings{
Chevalier-boisvert18,
title={Baby{AI}: First Steps Towards Grounded Language Learning With a Human In the Loop},
author={Maxime Chevalier-Boisvert and Dzmitry Bahdanau and Salem Lahlou and Lucas Willems and Chitwan Saharia and Thien Huu Nguyen and Yoshua Bengio},
booktitle={International Conference on Learning Representations},
year={2019},
}

@article{Hui20,
  title={BabyAI 1.1},
  author={Hui, David Yu-Tung and Chevalier-Boisvert, Maxime and Bahdanau, Dzmitry and Bengio, Yoshua},
  journal={arXiv preprint arXiv:2007.12770},
  year={2020}
}

@article{Ward20,
  title={Using Unity to Help Solve Intelligence},
  author={Ward, Tom and Bolt, Andrew and Hemmings, Nik and Carter, Simon and Sanchez, Manuel and Barreira, Ricardo and Noury, Seb and Anderson, Keith and Lemmon, Jay and Coe, Jonathan and others},
  journal={arXiv preprint arXiv:2011.09294},
  year={2020}
}

@article{Beattie16,
  title={Deepmind lab},
  author={Beattie, Charles and Leibo, Joel Z and Teplyashin, Denis and Ward, Tom and Wainwright, Marcus and K{\"u}ttler, Heinrich and Lefrancq, Andrew and Green, Simon and Vald{\'e}s, V{\'\i}ctor and Sadik, Amir and others},
  journal={arXiv preprint arXiv:1612.03801},
  year={2016}
}

@inproceedings{Shridhar20,
  title={Alfred: A benchmark for interpreting grounded instructions for everyday tasks},
  author={Shridhar, Mohit and Thomason, Jesse and Gordon, Daniel and Bisk, Yonatan and Han, Winson and Mottaghi, Roozbeh and Zettlemoyer, Luke and Fox, Dieter},
  booktitle={Proceedings of the IEEE/CVF conference on computer vision and pattern recognition},
  pages={10740--10749},
  year={2020}
}

@inproceedings{Chen19,
  title={Touchdown: Natural language navigation and spatial reasoning in visual street environments},
  author={Chen, Howard and Suhr, Alane and Misra, Dipendra and Snavely, Noah and Artzi, Yoav},
  booktitle={Proceedings of the IEEE/CVF Conference on Computer Vision and Pattern Recognition},
  pages={12538--12547},
  year={2019}
}

@inproceedings{Anderson18,
  title={Vision-and-language navigation: Interpreting visually-grounded navigation instructions in real environments},
  author={Anderson, Peter and Wu, Qi and Teney, Damien and Bruce, Jake and Johnson, Mark and S{\"u}nderhauf, Niko and Reid, Ian and Gould, Stephen and Van Den Hengel, Anton},
  booktitle={Proceedings of the IEEE Conference on Computer Vision and Pattern Recognition},
  pages={3674--3683},
  year={2018}
}

@book{Tomasello19,
  title={Becoming human: A theory of ontogeny},
  author={Tomasello, Michael},
  year={2019},
  publisher={Belknap Press}
}

@book{Hawkins21,
  title={A Thousand Brains: A New Theory of Intelligence},
  author={Jeff Hawkins},
  year={2021},
  publisher={Basic Books}
}

@article{Macneilage09,
  title={Origins of the left \& right brain},
  author={MacNeilage, Peter F and Rogers, Lesley J and Vallortigara, Giorgio},
  journal={Scientific American},
  volume={301},
  number={1},
  pages={60--67},
  year={2009},
  publisher={JSTOR}
}

@article{Schmidhuber10,
  title={Formal theory of creativity, fun, and intrinsic motivation (1990--2010)},
  author={Schmidhuber, J{\"u}rgen},
  journal={IEEE Transactions on Autonomous Mental Development},
  volume={2},
  number={3},
  pages={230--247},
  year={2010},
  publisher={Ieee}
}

@book{Friederici17,
  title={Language in our brain: The origins of a uniquely human capacity},
  author={Friederici, Angela D},
  year={2017},
  publisher={MIT Press}
}

@article{Iacoboni99,
  title={Cortical mechanisms of human imitation},
  author={Iacoboni, Marco and Woods, Roger P and Brass, Marcel and Bekkering, Harold and Mazziotta, John C and Rizzolatti, Giacomo},
  journal={science},
  volume={286},
  number={5449},
  pages={2526--2528},
  year={1999},
  publisher={American Association for the Advancement of Science}
}

@article{Iacoboni05,
  title={Grasping the intentions of others with one's own mirror neuron system},
  author={Iacoboni, Marco and Molnar-Szakacs, Istvan and Gallese, Vittorio and Buccino, Giovanni and Mazziotta, John C and Rizzolatti, Giacomo},
  journal={PLoS Biol},
  volume={3},
  number={3},
  pages={e79},
  year={2005},
  publisher={Public Library of Science}
}

@article{Fujita17,
  title={On the parallel evolution of syntax and lexicon: A Merge-only view},
  author={Fujita, Koji},
  journal={Journal of Neurolinguistics},
  volume={43},
  pages={178--192},
  year={2017},
  publisher={Elsevier}
}

@incollection{Fujita14,
  title={Recursive merge and human language evolution},
  author={Fujita, Koji},
  booktitle={Recursion: Complexity in cognition},
  pages={243--264},
  year={2014},
  publisher={Springer}
}

@article{Zaccarella21,
  title={Language and action in Broca’s area: Computational differentiation and cortical segregation},
  author={Zaccarella, Emiliano and Papitto, Giorgio and Friederici, Angela D},
  journal={Brain and Cognition},
  volume={147},
  pages={105651},
  year={2021},
  publisher={Elsevier}
}
@article{Greenfield91,
  title={Language, tools and brain: The ontogeny and phylogeny of hierarchically organized sequential behavior},
  author={Greenfield, Patricia M and others},
  journal={Behavioral and brain sciences},
  volume={14},
  number={4},
  pages={531--595},
  year={1991}
}

@article{Hauser02,
  title={The faculty of language: what is it, who has it, and how did it evolve?},
  author={Hauser, Marc D and Chomsky, Noam and Fitch, W Tecumseh},
  journal={science},
  volume={298},
  number={5598},
  pages={1569--1579},
  year={2002},
  publisher={American Association for the Advancement of Science}
}

@book{Lashley51,
  title={The problem of serial order in behavior},
  author={Lashley, Karl Spencer},
  volume={21},
  year={1951},
  publisher={Bobbs-Merrill Oxford, United Kingdom}
}

@article{Kirby02,
  title={The emergence of linguistic structure: An overview of the iterated learning model},
  author={Kirby, Simon and Hurford, James R},
  journal={Simulating the evolution of language},
  pages={121--147},
  year={2002},
  publisher={Springer}
}